@article{hardiman1989,
	title = {The relation between problem categorization and problem solving among experts and novices},
	author = {Hardiman, Pamela Thibodeau and Dufresne, Robert and Mestre, Jose P},
	year = {1989},
	date = {1989},
	journal = {Memory & Cognition},
	pages = {627--638},
	volume = {17},
	number = {5}
}

@article{belenky2012,
	title = {Motivation and transfer: The role of mastery-approach goals in preparation for future learning},
	author = {Belenky, Daniel M and Nokes-Malach, Timothy J},
	year = {2012},
	date = {2012},
	journal = {The Journal of the Learning Sciences},
	pages = {399--432},
	volume = {21},
	number = {3},
	doi = {10.1080/10508406.2011.651232},
	url = {https://www.tandfonline.com/action/journalInformation?journalCode=hlns20}
}

@article{schwartz2004inventing,
  title={Inventing to prepare for future learning: The hidden efficiency of encouraging original student production in statistics instruction},
  author={Schwartz, Daniel L and Martin, Taylor},
  journal={Cognition and instruction},
  volume={22},
  number={2},
  pages={129--184},
  year={2004},
  publisher={Taylor \& Francis}
}

@inproceedings{weinlader2019,
	title = {A new approach for uncovering student resources with multiple-choice questions},
	author = {Weinlader, Nolan K. and Kuo, Eric and Rottman, Benjamin M. and Nokes-Malach, Timothy J.},
	year = {2019},
	date = {2019},
	publisher = {American Association of Physics Teachers},
	pages = {621--626},
	doi = {10.1119/perc.2019.pr.Weinlader},
	note = {ISSN: 23772379}
}
